
@misc{martin_01_2020,
  title = {0/1 {{Knapsack Problem Fix}} Using {{Dynamic Programming Example}}},
  author = {Martin, Matthew},
  year = {2020},
  month = mar,
  abstract = {In this tutorial, learn 0/1 Knapsack problem using dynamic programming with example. Knapsack Problem algorithm is a very helpful problem in combinatorics.},
  chapter = {SDLC},
  howpublished = {https://www.guru99.com/knapsack-problem-dynamic-programming.html},
  langid = {american},
  file = {/Users/linneacaraballo/Zotero/storage/TTGHJJ4Q/knapsack-problem-dynamic-programming.html}
}

@book{neopolitan_foundations_nodate,
  title = {Foundations of {{Algorithms}}},
  author = {Neopolitan, Richard E.},
  edition = {The Fifth},
  publisher = {{Jones \& Bartlett Learning}}
}

@misc{noauthor_knapsack_nodate,
  title = {The {{Knapsack Problem}} | {{Data Structures}} and {{Algorithms}}},
  howpublished = {https://stevenschmatz.gitbooks.io/data-structures-and-algorithms/content/281/lecture\_20.html}
}

@misc{noauthor_knapsack_nodate-2,
  title = {Knapsack {{Programming Using Dynamic Programming}} and Its {{Analysis}}},
  journal = {CodesDope},
  abstract = {Learn about knapsack problem and code of 0-1 knapsack problem in C, Java and Python and analysis},
  howpublished = {https://www.codesdope.com/course/algorithms-knapsack-problem/},
  langid = {english},
  file = {/Users/linneacaraballo/Zotero/storage/8N5GDZZZ/algorithms-knapsack-problem.html}
}


